<record><leader>00000cas a2200000Ma 4500</leader><controlfield tag="001">191228341</controlfield><controlfield tag="008">840229d1819182umouwr ne      0   a0eng  </controlfield><datafield ind1=" " ind2=" " tag="010"><subfield code="a">sn 84020199 </subfield></datafield><datafield ind1=" " ind2=" " tag="040"><subfield code="a">DLC</subfield><subfield code="b">eng</subfield><subfield code="c">AQM</subfield><subfield code="d">OCLCQ</subfield></datafield><datafield ind1="0" ind2=" " tag="130"><subfield code="a">St. Louis enquirer (Saint Louis, Mo. : 1819)</subfield></datafield><datafield ind1="1" ind2="0" tag="245"><subfield code="a">Saint Louis enquirer.</subfield></datafield><datafield ind1=" " ind2=" " tag="250"><subfield code="a">[For the Country].</subfield></datafield><datafield ind1=" " ind2=" " tag="260"><subfield code="a">St. Louis [Mo.] :</subfield><subfield code="b">Isaac N. Henry &amp; Co.</subfield></datafield><datafield ind1=" " ind2=" " tag="300"><subfield code="a">v. :</subfield><subfield code="b">ill.</subfield></datafield><datafield ind1=" " ind2=" " tag="310"><subfield code="a">Weekly</subfield></datafield><datafield ind1="1" ind2=" " tag="362"><subfield code="a">Began in 1819.</subfield><subfield code="z">Cf. Brigham.</subfield></datafield><datafield ind1="4" ind2=" " tag="510"><subfield code="a">Brigham, C.S. Amer. newspapers,</subfield><subfield code="c">p. 1995</subfield></datafield><datafield ind1=" " ind2=" " tag="580"><subfield code="a">Semiweekly ed.: St. Louis enquirer (Saint Louis, Mo. : 1818).</subfield></datafield><datafield ind1=" " ind2=" " tag="588"><subfield code="a">Description based on: Vol. 3, whole no. 107 (June 16, 1819).</subfield></datafield><datafield ind1=" " ind2="7" tag="655"><subfield code="a">Newspapers.</subfield><subfield code="2">rbgenr</subfield></datafield><datafield ind1="2" ind2=" " tag="710"><subfield code="a">Isaac N. Henry &amp; Co,</subfield><subfield code="e">publisher.</subfield></datafield><datafield ind1=" " ind2=" " tag="752"><subfield code="a">United States</subfield><subfield code="b">Missouri</subfield><subfield code="c">Saint Louis</subfield><subfield code="d">Saint Louis.</subfield></datafield><datafield ind1="1" ind2=" " tag="775"><subfield code="t">St. Louis enquirer (Saint Louis, Mo. : 1818)</subfield><subfield code="w">(DLC)sn 83025404</subfield></datafield></record>